@comment{Biblio Intro: Motivacion}
@article{guihoudynamical,
	title={Dynamical Connections between Large Marine Ecosystems of Austral South America based on numerical simulations},
	author={Guihou, Karen and Piola, Alberto R and Palma, Elbio D and Chidichimo, Maria Paz}
}
@article{rivas1994spatial,
	title={Spatial variation of the annual cycle of temperature in the Patagonian shelf between 40 and 50 of south latitude},
	author={Rivas, Andr{\'e}s Luj{\'a}n},
	journal={Continental Shelf Research},
	volume={14},
	number={13-14},
	pages={1539--1554},
	year={1994},
	publisher={Elsevier}
}
@article{reynolds2007daily,
	title={Daily high-resolution-blended analyses for sea surface temperature},
	author={Reynolds, Richard W and Smith, Thomas M and Liu, Chunying and Chelton, Dudley B and Casey, Kenneth S and Schlax, Michael G},
	journal={Journal of Climate},
	volume={20},
	number={22},
	pages={5473--5496},
	year={2007}
}

@article{leyba2019trends,
	title={Trends in sea surface temperature and air--sea heat fluxes over the South Atlantic Ocean},
	author={Leyba, In{\'e}s M and Solman, Silvina A and Saraceno, Mart{\'\i}n},
	journal={Climate Dynamics},
	pages={1--13},
	year={2019},
	publisher={Springer}
}
@article{manta20182017,
	title={The 2017 Record Marine Heatwave in the Southwestern Atlantic Shelf},
	author={Manta, G and de Mello, S and Trinchin, R and Badagian, J and Barreiro, M},
	journal={Geophysical Research Letters},
	volume={45},
	number={22},
	pages={12--449},
	year={2018},
	publisher={Wiley Online Library}
}
@article{palma2004comparison,
	title={A comparison of the circulation patterns over the Southwestern Atlantic Shelf driven by different wind stress climatologies},
	author={Palma, Elbio D and Matano, Ricardo P and Piola, Alberto R and Sitz, Lina E},
	journal={Geophysical Research Letters},
	volume={31},
	number={24},
	year={2004},
	publisher={Wiley Online Library}
}
@article{sharp2015evaluating,
	title={Evaluating the accuracy of CFSR reanalysis hourly wind speed forecasts for the UK, using in situ measurements and geographical information},
	author={Sharp, Ed and Dodds, Paul and Barrett, Mark and Spataru, Catalina},
	journal={Renewable Energy},
	volume={77},
	pages={527--538},
	year={2015},
	publisher={Elsevier}
}
@article{kalnay1996ncep,
	title={The NCEP/NCAR 40-year reanalysis project},
	author={Kalnay, Eugenia and Kanamitsu, Masao and Kistler, Robert and Collins, William and Deaven, Dennis and Gandin, Lev and Iredell, Mark and Saha, Suranjana and White, Glenn and Woollen, John and others},
	journal={Bulletin of the American meteorological Society},
	volume={77},
	number={3},
	pages={437--472},
	year={1996},
	publisher={American Meteorological Society}
}
@article{saha2010ncep,
	title={The NCEP climate forecast system reanalysis},
	author={Saha, Suranjana and Moorthi, Shrinivas and Pan, Hua-Lu and Wu, Xingren and Wang, Jiande and Nadiga, Sudhir and Tripp, Patrick and Kistler, Robert and Woollen, John and Behringer, David and others},
	journal={Bulletin of the American Meteorological Society},
	volume={91},
	number={8},
	pages={1015--1058},
	year={2010},
	publisher={American Meteorological Society}
}
@article{dee2011era,
	title={The ERA-Interim reanalysis: Configuration and performance of the data assimilation system},
	author={Dee, Dick P and Uppala, SM and Simmons, AJ and Berrisford, Paul and Poli, P and Kobayashi, S and Andrae, U and Balmaseda, MA and Balsamo, G and Bauer, d P and others},
	journal={Quarterly Journal of the royal meteorological society},
	volume={137},
	number={656},
	pages={553--597},
	year={2011},
	publisher={Wiley Online Library}
}
@article{atlas2011cross,
	title={A cross-calibrated, multiplatform ocean surface wind velocity product for meteorological and oceanographic applications},
	author={Atlas, Robert and Hoffman, Ross N and Ardizzone, Joseph and Leidner, S Mark and Jusem, Juan Carlos and Smith, Deborah K and Gombos, Daniel},
	journal={Bulletin of the American Meteorological Society},
	volume={92},
	number={2},
	pages={157--174},
	year={2011},
	publisher={American Meteorological Society}
}
@article{wentz2015remote,
	title={Remote Sensing Systems Cross-Calibrated Multi-Platform (CCMP) 6-hourly ocean vector wind analysis product on 0.25 deg grid, Version 2.0},
	author={Wentz, FJ and Scott, J and Hoffman, R and Leidner, M and Atlas, R and Ardizzone, J},
	journal={Remote Sensing Systems, Santa Rosa, CA},
	year={2015}
}
@article{large2004diurnal,
	title={Diurnal to decadal global forcing for ocean and sea-ice models: the data sets and flux climatologies},
	author={Large, William George and Yeager, Stephen G},
	year={2004},
	publisher={National Center for Atmospheric Research Boulder}
}
@article{mantua2002pacific,
	title={Pacific-Decadal Oscillation (PDO)},
	author={Mantua, Nathan J and Hare, S},
	journal={Encyclopedia of global environmental change},
	volume={1},
	pages={592--594},
	year={2002},
	publisher={Citeseer}
}
@article{mann1945nonparametric,
	title={Nonparametric tests against trend},
	author={Mann, Henry B},
	journal={Econometrica: Journal of the Econometric Society},
	pages={245--259},
	year={1945},
	publisher={JSTOR}
}
@article{kendall1955rank,
	title={Rank correlation methods. 1955},
	author={Kendall, Maurice G},
	journal={London: Charles Griffin \& Co. Ltd},
	year={1955}
}
@article{doney2012climate,
	title={Climate change impacts on marine ecosystems},
	author={Doney, Scott C and Ruckelshaus, Mary and Emmett Duffy, J and Barry, James P and Chan, Francis and English, Chad A and Galindo, Heather M and Grebmeier, Jacqueline M and Hollowed, Anne B and Knowlton, Nancy and others},
	journal={Annual review of marine science},
	volume={4},
	pages={11--37},
	year={2012},
	publisher={Annual reviews}
}
@article{ramirez2017climate,
	title={Climate impacts on global hot spots of marine biodiversity},
	author={Ram{\'\i}rez, Francisco and Af{\'a}n, Isabel and Davis, Lloyd S and Chiaradia, Andr{\'e}},
	journal={Science Advances},
	volume={3},
	number={2},
	pages={e1601198},
	year={2017},
	publisher={American Association for the Advancement of Science}
}
@article{walther2002ecological,
	title={Ecological responses to recent climate change},
	author={Walther, Gian-Reto and Post, Eric and Convey, Peter and Menzel, Annette and Parmesan, Camille and Beebee, Trevor JC and Fromentin, Jean-Marc and Hoegh-Guldberg, Ove and Bairlein, Franz},
	journal={Nature},
	volume={416},
	number={6879},
	pages={389},
	year={2002},
	publisher={Nature Publishing Group}
}
@article{parmesan2003globally,
	title={A globally coherent fingerprint of climate change impacts across natural systems},
	author={Parmesan, Camille and Yohe, Gary},
	journal={Nature},
	volume={421},
	number={6918},
	pages={37},
	year={2003},
	publisher={Nature Publishing Group}
}
@article{hays2005climate,
	title={Climate change and marine plankton},
	author={Hays, Graeme C and Richardson, Anthony J and Robinson, Carol},
	journal={Trends in ecology \& evolution},
	volume={20},
	number={6},
	pages={337--344},
	year={2005},
	publisher={Elsevier}
}
@article{edwards2001long,
	title={Long-term and regional variability of phytoplankton biomass in the Northeast Atlantic (1960--1995)},
	author={Edwards, Martin and Reid, Philip and Planque, Benjamin},
	journal={ICES Journal of Marine Science},
	volume={58},
	number={1},
	pages={39--49},
	year={2001},
	publisher={Oxford University Press}
}
@article{beaugrand2003long,
	title={Long-term changes in phytoplankton, zooplankton and salmon related to climate},
	author={Beaugrand, Gr{\'e}gory and Reid, Philip C},
	journal={Global Change Biology},
	volume={9},
	number={6},
	pages={801--817},
	year={2003},
	publisher={Wiley Online Library}
}
@article{rivadeneira2005shifts,
	title={Shifts in southern endpoints of distribution in rocky intertidal species along the south-eastern Pacific coast},
	author={Rivadeneira, Marcelo M and Fern{\'a}ndez, Miriam},
	journal={Journal of biogeography},
	volume={32},
	number={2},
	pages={203--209},
	year={2005},
	publisher={Wiley Online Library}
}
@article{hobday2014identification,
	title={Identification of global marine hotspots: sentinels for change and vanguards for adaptation action},
	author={Hobday, Alistair J and Pecl, Gretta T},
	journal={Reviews in Fish Biology and Fisheries},
	volume={24},
	number={2},
	pages={415--425},
	year={2014},
	publisher={Springer}
}
@article{fan2014recent,
	title={Recent Antarctic sea ice trends in the context of Southern Ocean surface climate variations since 1950},
	author={Fan, Tingting and Deser, Clara and Schneider, David P},
	journal={Geophysical Research Letters},
	volume={41},
	number={7},
	pages={2419--2426},
	year={2014},
	publisher={Wiley Online Library}
}
@article{kostov2018contributions,
	title={Contributions of greenhouse gas forcing and the southern annular mode to historical southern ocean surface temperature trends},
	author={Kostov, Yavor and Ferreira, David and Armour, Kyle C and Marshall, John},
	journal={Geophysical Research Letters},
	volume={45},
	number={2},
	pages={1086--1097},
	year={2018},
	publisher={Wiley Online Library}
}
@article{armour2016southern,
	title={Southern Ocean warming delayed by circumpolar upwelling and equatorward transport},
	author={Armour, Kyle C and Marshall, John and Scott, Jeffery R and Donohoe, Aaron and Newsom, Emily R},
	journal={Nature Geoscience},
	volume={9},
	number={7},
	pages={549},
	year={2016},
	publisher={Nature Publishing Group}
}
@article{hardiman2019impact,
	title={The impact of strong El Ni{\~n}o and La Ni{\~n}a events on the North Atlantic},
	author={Hardiman, SC and Dunstone, NJ and Scaife, AA and Smith, DM and Ineson, S and Lim, J and Fereday, D},
	journal={Geophysical Research Letters},
	volume={46},
	number={5},
	pages={2874--2883},
	year={2019},
	publisher={Wiley Online Library}
}
@article{garcia2017revisiting,
	title={Revisiting the ENSO teleconnection to the tropical North Atlantic},
	author={Garc{\'\i}a-Serrano, Javier and Cassou, Christophe and Douville, Herv{\'e} and Giannini, Alessandra and Doblas-Reyes, Francisco J},
	journal={Journal of Climate},
	volume={30},
	number={17},
	pages={6945--6957},
	year={2017}
}
@article{yang2018enso,
	title={ENSO forced and local variability of North Tropical Atlantic SST: model simulations and biases},
	author={Yang, Yun and Xie, Shang-Ping and Wu, Lixin and Kosaka, Yu and Li, Jianping},
	journal={Climate dynamics},
	volume={51},
	number={11-12},
	pages={4511--4524},
	year={2018},
	publisher={Springer}
}
@article{rodrigues2015impact,
	title={The impact of ENSO on the South Atlantic subtropical dipole mode},
	author={Rodrigues, Regina R and Campos, Edmo JD and Haarsma, Reindert},
	journal={Journal of Climate},
	volume={28},
	number={7},
	pages={2691--2705},
	year={2015}
}
@article{meredith2008interannual,
	title={On the interannual variability of ocean temperatures around South Georgia, Southern Ocean: Forcing by El Ni{\~n}o/Southern Oscillation and the southern annular mode},
	author={Meredith, Michael P and Murphy, Eugene J and Hawker, Elizabeth J and King, John C and Wallace, Margaret I},
	journal={Deep Sea Research Part II: Topical Studies in Oceanography},
	volume={55},
	number={18-19},
	pages={2007--2022},
	year={2008},
	publisher={Elsevier}
}
@incollection{piola2018physical,
	title={Physical Oceanography of the SW Atlantic Shelf: A Review},
	author={Piola, Alberto R and Palma, Elbio D and Bianchi, Alejandro A and Castro, Belmiro M and Dottori, Marcelo and Guerrero, Raul A and Marrari, Marina and Matano, Ricardo P and M{\"o}ller, Osmar O and Saraceno, Mart{\'\i}n},
	booktitle={Plankton Ecology of the Southwestern Atlantic},
	pages={37--56},
	year={2018},
	publisher={Springer}
}
@article{palma2004comparison,
	title={A comparison of the circulation patterns over the Southwestern Atlantic Shelf driven by different wind stress climatologies},
	author={Palma, Elbio D and Matano, Ricardo P and Piola, Alberto R and Sitz, Lina E},
	journal={Geophysical Research Letters},
	volume={31},
	number={24},
	year={2004},
	publisher={Wiley Online Library}
}
@article{glorioso1995barotropic,
	title={A barotropic model of the currents off SE South America},
	author={Glorioso, Pablo D and Flather, Roger A},
	journal={Journal of Geophysical Research: Oceans},
	volume={100},
	number={C7},
	pages={13427--13440},
	year={1995},
	publisher={Wiley Online Library}
}
@article{piola2000subtropical,
	title={Subtropical shelf front off eastern South America},
	author={Piola, Alberto R and Campos, Edmo JD and M{\"o}ller Jr, Osmar O and Charo, Marcela and Martinez, Carlos},
	journal={Journal of Geophysical Research: Oceans},
	volume={105},
	number={C3},
	pages={6565--6578},
	year={2000},
	publisher={Wiley Online Library}
}
@article{piola2005influence,
	title={The influence of the Plata River discharge on the western South Atlantic shelf},
	author={Piola, Alberto R and Matano, Ricardo P and Palma, Elbio D and M{\"o}ller Jr, Osmar O and Campos, Edmo JD},
	journal={Geophysical Research Letters},
	volume={32},
	number={1},
	year={2005},
	publisher={Wiley Online Library}
}
@article{peterson1989subantarctic,
	title={The Subantarctic and Polar Fronts in relation to deep water masses through the southwestern Atlantic},
	author={Peterson, Ray G and Whitworth III, Thomas},
	journal={Journal of Geophysical Research: Oceans},
	volume={94},
	number={C8},
	pages={10817--10838},
	year={1989},
	publisher={Wiley Online Library}
}
@article{brandhorst1971evaluacion,
	title={Evaluaci{\'o}n de los recursos de ancho{\'\i}ta (Engraulis anchoita) frente a la Argentina y Uruguay. II. Abundancia relativa entre las latitudes 39 y 45 S en relaci{\'o}n a las condiciones ambientales en febrero-marzo de 1970},
	author={Brandhorst, W and Castello, JP},
	journal={Contr. Int. Biol. Mar. N{\textordmasculine} 172: 1},
	volume={47},
	year={1971}
}
@article{rivas2010spatial,
	title={Spatial and temporal variability of satellite-derived sea surface temperature in the southwestern Atlantic Ocean},
	author={Rivas, Andr{\'e}s L},
	journal={Continental Shelf Research},
	volume={30},
	number={7},
	pages={752--760},
	year={2010},
	publisher={Elsevier}
}
@article{rivas2002vertical,
	title={Vertical stratification at the shelf off northern Patagonia},
	author={Rivas, Andr{\'e}s L and Piola, Alberto R},
	journal={Continental Shelf Research},
	volume={22},
	number={10},
	pages={1549--1558},
	year={2002},
	publisher={Elsevier}
}
@article{guerrero2014salinity,
	title={The salinity signature of the cross-shelf exchanges in the Southwestern Atlantic Ocean: Satellite observations},
	author={Guerrero, Raul A and Piola, Alberto R and Fenco, Harold and Matano, Ricardo P and Combes, Vincent and Chao, Yi and James, Corinne and Palma, Elbio D and Saraceno, Martin and Strub, P Ted},
	journal={Journal of Geophysical Research: Oceans},
	volume={119},
	number={11},
	pages={7794--7810},
	year={2014},
	publisher={Wiley Online Library}
}
@article{matano2010influence,
	title={The influence of the Brazil and Malvinas Currents on the Southwestern Atlantic Shelf circulation},
	author={Matano, Ricardo and Palma, Elbio Daniel and Piola, Alberto Ricardo},
	year={2010},
	publisher={Copernicus Publications}
}
@article{matano2014salinity,
	title={The salinity signature of the cross-shelf exchanges in the Southwestern Atlantic Ocean: Numerical simulations},
	author={Matano, Ricardo P and Combes, Vincent and Piola, Alberto R and Guerrero, Raul and Palma, Elbio D and Strub, P Ted and James, Corinne and Fenco, Harold and Chao, Yi and Saraceno, Martin},
	journal={Journal of Geophysical Research: Oceans},
	volume={119},
	number={11},
	pages={7949--7968},
	year={2014},
	publisher={Wiley Online Library}
}
@article{palma2004comparison,
	title={A comparison of the circulation patterns over the Southwestern Atlantic Shelf driven by different wind stress climatologies},
	author={Palma, Elbio D and Matano, Ricardo P and Piola, Alberto R and Sitz, Lina E},
	journal={Geophysical Research Letters},
	volume={31},
	number={24},
	year={2004},
	publisher={Wiley Online Library}
}
@article{palma2004numerical,
	title={A numerical study of the Southwestern Atlantic Shelf circulation: Barotropic response to tidal and wind forcing},
	author={Palma, Elbio D and Matano, Ricardo P and Piola, Alberto R},
	journal={Journal of Geophysical Research: Oceans},
	volume={109},
	number={C8},
	year={2004},
	publisher={Wiley Online Library}
}
@article{palma2008numerical,
	title={A numerical study of the Southwestern Atlantic Shelf circulation: Stratified ocean response to local and offshore forcing},
	author={Palma, Elbio D and Matano, Ricardo P and Piola, Alberto R},
	journal={Journal of Geophysical Research: Oceans},
	volume={113},
	number={C11},
	year={2008},
	publisher={Wiley Online Library}
}
@article{piola2005influence,
	title={The influence of the Plata River discharge on the western South Atlantic shelf},
	author={Piola, Alberto R and Matano, Ricardo P and Palma, Elbio D and M{\"o}ller Jr, Osmar O and Campos, Edmo JD},
	journal={Geophysical Research Letters},
	volume={32},
	number={1},
	year={2005},
	publisher={Wiley Online Library}
}
@article{saraceno2014sea,
	title={Sea surface height trend and variability at seasonal and interannual time scales in the Southeastern South American continental shelf between 27 S and 40 S},
	author={Saraceno, Martin and Simionato, Claudia G and Ruiz-Etcheverry, Laura A},
	journal={Continental Shelf Research},
	volume={91},
	pages={82--94},
	year={2014},
	publisher={Elsevier}
}
@article{strub2015altimeter,
	title={Altimeter-derived seasonal circulation on the southwest A tlantic shelf: 27°--43° S},
	author={Strub, P Ted and James, Corinne and Combes, Vincent and Matano, Ricardo P and Piola, Alberto R and Palma, Elbio D and Saraceno, Martin and Guerrero, Raul A and Fenco, Harold and Ruiz-Etcheverry, Laura A},
	journal={Journal of Geophysical Research: Oceans},
	volume={120},
	number={5},
	pages={3391--3418},
	year={2015},
	publisher={Wiley Online Library}
}
@article{valla2015evidence,
	title={Evidence of upwelling events at the northern P atagonian shelf break},
	author={Valla, Daniel and Piola, Alberto R},
	journal={Journal of Geophysical Research: Oceans},
	volume={120},
	number={11},
	pages={7635--7656},
	year={2015},
	publisher={Wiley Online Library}
}
@article{bisbal1995southeast,
	title={The Southeast South American shelf large marine ecosystem: Evolution and components},
	author={Bisbal, Gustavo A},
	journal={Marine Policy},
	volume={19},
	number={1},
	pages={21--38},
	year={1995},
	publisher={Elsevier}
}
@article{falabella2009atlas,
	title={Atlas del Mar Patag{\'o}nico. Especies y espacios},
	author={Falabella, V and Campagna, C and Croxall, J},
	journal={Wildlife Conservation Society, Argentina, and BirdLife International: Buenos Aires.) Available at http://www. atlas-marpatagonico. org [Verified 26 March 2013]},
	year={2009}
}
@article{deser2010sea,
	title={Sea surface temperature variability: Patterns and mechanisms},
	author={Deser, Clara and Alexander, Michael A and Xie, Shang-Ping and Phillips, Adam S},
	journal={Annual review of marine science},
	volume={2},
	pages={115--143},
	year={2010},
	publisher={Annual Reviews}
}

@article{acha2004marine,
	title={Marine fronts at the continental shelves of austral South America: physical and ecological processes},
	author={Acha, Eduardo M and Mianzan, Hermes W and Guerrero, Ra{\'u}l A and Favero, Marco and Bava, Jos{\'e}},
	journal={Journal of Marine systems},
	volume={44},
	number={1-2},
	pages={83--105},
	year={2004},
	publisher={Elsevier}
}
@article{romero2006chlorophyll,
	title={Chlorophyll-a variability off Patagonia based on SeaWiFS data},
	author={Romero, Silvia I and Piola, Alberto R and Charo, Marcela and Garcia, Carlos A Eiras},
	journal={Journal of Geophysical Research: Oceans},
	volume={111},
	number={C5},
	year={2006},
	publisher={Wiley Online Library}
}
@article{messie2011global,
	title={Global modes of sea surface temperature variability in relation to regional climate indices},
	author={Messi{\'e}, Monique and Chavez, Francisco},
	journal={Journal of Climate},
	volume={24},
	number={16},
	pages={4314--4331},
	year={2011}
}
@article{dong2006multidecadal,
	title={Multidecadal modulation of El Nino--Southern Oscillation (ENSO) variance by Atlantic Ocean sea surface temperatures},
	author={Dong, Buwen and Sutton, Rowan T and Scaife, Adam A},
	journal={Geophysical Research Letters},
	volume={33},
	number={8},
	year={2006},
	publisher={Wiley Online Library}
}
@article{rodrigues2015impact,
	title={The impact of ENSO on the South Atlantic subtropical dipole mode},
	author={Rodrigues, Regina R and Campos, Edmo JD and Haarsma, Reindert},
	journal={Journal of Climate},
	volume={28},
	number={7},
	pages={2691--2705},
	year={2015}
}
@article{kayano2014atlantic,
	title={How the Atlantic multidecadal oscillation (AMO) modifies the ENSO influence on the South American rainfall},
	author={Kayano, Mary Toshie and Capistrano, Vinicius Buscioli},
	journal={International Journal of Climatology},
	volume={34},
	number={1},
	pages={162--178},
	year={2014},
	publisher={Wiley Online Library}
}
@article{dukhovskoy2017comparison,
	title={Comparison of the ocean surface vector winds from atmospheric reanalysis and scatterometer-based wind products over the N ordic S eas and the northern N orth A tlantic and their application for ocean modeling},
	author={Dukhovskoy, Dmitry S and Bourassa, Mark A and Petersen, Gu{\dh}r{\'u}n N{\'\i}na and Steffen, John},
	journal={Journal of Geophysical Research: Oceans},
	volume={122},
	number={3},
	pages={1943--1973},
	year={2017},
	publisher={Wiley Online Library}
}
@article{marrari2016trends,
	title={Trends and variability in extended ocean color time series in the main reproductive area of the Argentine hake, Merluccius hubbsi (Southwestern Atlantic Ocean)},
	author={Marrari, Marina and Piola, Alberto R and Valla, Daniel and Wilding, John G},
	journal={Remote sensing of environment},
	volume={177},
	pages={1--12},
	year={2016},
	publisher={Elsevier}
}
@article{preisendorfer1988principal,
	title={Principal component analysis in meteorology and oceanography},
	author={Preisendorfer, R{\"A}N{\"U}},
	journal={Elsevier Sci. Publ.},
	volume={17},
	pages={425},
	year={1988}
}
@article{weng1994wavelets,
	title={Wavelets, period doubling, and time--frequency localization with application to organization of convection over the tropical western Pacific},
	author={Weng, Hengyi and Lau, KM},
	journal={Journal of the atmospheric sciences},
	volume={51},
	number={17},
	pages={2523--2541},
	year={1994}
}
@article{gu1995secular,
	title={Secular changes of annual and interannual variability in the tropics during the past century},
	author={Gu, Daifang and Philander, SGH},
	journal={Journal of Climate},
	volume={8},
	number={4},
	pages={864--876},
	year={1995}
}
@article{wang1995interdecadal,
	title={Interdecadal changes in El Nino onset in the last four decades},
	author={Wang, Bin},
	journal={Journal of Climate},
	volume={8},
	number={2},
	pages={267--285},
	year={1995}
}
@article{farge1992wavelet,
	title={Wavelet transforms and their applications to turbulence},
	author={Farge, Marie},
	journal={Annual review of fluid mechanics},
	volume={24},
	number={1},
	pages={395--458},
	year={1992},
	publisher={Annual reviews 4139 El Camino Way, PO Box 10139, Palo Alto, CA 94303-0139, USA}
}
@article{kumar1997wavelet,
	title={Wavelet analysis for geophysical applications},
	author={Kumar, Praveen and Foufoula-Georgiou, Efi},
	journal={Reviews of geophysics},
	volume={35},
	number={4},
	pages={385--412},
	year={1997},
	publisher={Wiley Online Library}
}
@article{meyers1993introduction,
	title={An introduction to wavelet analysis in oceanography and meteorology: With application to the dispersion of Yanai waves},
	author={Meyers, Steven D and Kelly, Brian G and O'Brien, James J},
	journal={Monthly weather review},
	volume={121},
	number={10},
	pages={2858--2866},
	year={1993}
}
@article{daubechies1990wavelet,
	title={The wavelet transform, time-frequency localization and signal analysis},
	author={Daubechies, Ingrid},
	journal={IEEE transactions on information theory},
	volume={36},
	number={5},
	pages={961--1005},
	year={1990},
	publisher={IEEE}
}
@article{torrence1998practical,
	title={A practical guide to wavelet analysis},
	author={Torrence, Christopher and Compo, Gilbert P},
	journal={Bulletin of the American Meteorological society},
	volume={79},
	number={1},
	pages={61--78},
	year={1998},
	publisher={American Meteorological Society}
}
@article{arblaster2006contributions,
	title={Contributions of external forcings to southern annular mode trends},
	author={Arblaster, Julie M and Meehl, Gerald A},
	journal={Journal of climate},
	volume={19},
	number={12},
	pages={2896--2905},
	year={2006}
}
@book{thomson2014data,
	title={Data analysis methods in physical oceanography},
	author={Thomson, Richard E and Emery, William J},
	year={2014},
	publisher={Newnes}
}
